    @website{sm,
      author =       "theorangeduck.com",
      title =        "Subdivision Modelling",
      howpublished = "online",
      publisher =  "theorangeduck.com",
      year =         "2011",
      month =        "21. 3. ",
      url =          {http://theorangeduck.com/page/subdivision-modelling},
      cited =        "2020-04-29"
    }